@article{simplexSampling,
author = {Allan R. Willms},
title = {{Uniform Sampling on the Standard Simplex}},
volume = {33},
journal = {Missouri Journal of Mathematical Sciences},
number = {1},
publisher = {University of Missouri - Kansas City, Division of Computing, Analytics & Mathematics},
pages = {119 -- 124},
keywords = {Standard simplex, uniform sampling},
year = {2021},
doi = {10.35834/2021/3301119},
URL = {https://doi.org/10.35834/2021/3301119}
}